<?xml version="1.0" encoding="UTF-8"?><collection xmlns="http://www.loc.gov/MARC21/slim"><record><leader>00480nam--2200133-i-4500</leader><controlfield tag="001">000049256</controlfield><controlfield tag="002">20161230</controlfield><controlfield tag="005">20161230201047</controlfield><controlfield tag="008">060222s1000------------r-----000-0-eng-d</controlfield><datafield ind1=" " ind2=" " tag="080"><subfield code="a">539.124.143</subfield></datafield><datafield ind1=" " ind2=" " tag="100"><subfield code="a">Pascaru, Iancu</subfield></datafield><datafield ind1=" " ind2=" " tag="245"><subfield code="a">Contributii la metodele experimentale ale rezonantei paramagnetice electronice. (autoreferat asupra tezei prezentata pentru obtinerea titlului de doctor</subfield></datafield><datafield ind1=" " ind2=" " tag="260"><subfield code="a">Bucuresti, Inst.Politehnic ``Gheorghe Gheorghiu-dej``, 1968, 26p</subfield></datafield><datafield ind1=" " ind2=" " tag="852"><subfield code="a">28413</subfield></datafield></record></collection>